% book
% Required fields: author or editor, title, publisher, year. 
% Optional fields: volume or number, series, address, edition, month, note.
@book{sutton,
  author = {Richard S. Sutton and Andrew G. Barto},
  title = {Reinforcement Learning: An Introduction},
  publisher = {Francis Bach},
  year = {2020},
  edition = "second"
}


% article
% Required fields: author, title, journal, year. 
% Optional fields: volume, number, pages, month, note.
@article{silva,
  author = {Silva, Andrew and Gombolay, Matthew and Killian, Taylor and Jimenez, Ivan and Son, Sung-Hyun},
  title = {Optimization Method for Interpretable Differentiable Decision Trees in Reinforcement Learning},
  journal = {Proceedings of the Twenty Third International Conference on Artificial Intelligence and Statistics 2020, 1855-1865},
  year = {2020}
}

@article{neill,
  author={O'Neill, M. and Ryan, C.},
  journal={IEEE Transactions on Evolutionary Computation},
  title={Grammatical evolution},
  year={2001},
  volume={5},
  number={4},
  pages={349-358},
}

@article{schulman,
  author    = {John Schulman and
               Filip Wolski and
               Prafulla Dhariwal and
               Alec Radford and
               Oleg Klimov},
  title     = {Proximal Policy Optimization Algorithms},
  journal   = {CoRR},
  volume    = {abs/1707.06347},
  year      = {2017},
  url       = {http://arxiv.org/abs/1707.06347},
}

@article{suarez,
  author={Suarez, A. and Lutsko, J.F.},
  journal={IEEE Transactions on Pattern Analysis and Machine Intelligence},
  title={Globally optimal fuzzy decision trees for classification and regression},
  year={1999},
  volume={21},
  number={12},
  pages={1297-1311},
  doi={10.1109/34.817409}
}
 
@article{custode,
  author    = {Leonardo Lucio Custode and
               Giovanni Iacca},
  title     = {Evolutionary learning of interpretable decision trees},
  journal   = {CoRR},
  volume    = {abs/2012.07723},
  year      = {2020},
  url       = {https://arxiv.org/abs/2012.07723},
  eprinttype = {arXiv},
  eprint    = {2012.07723},
  biburl    = {https://dblp.org/rec/journals/corr/abs-2012-07723.bib},
  bibsource = {dblp computer science bibliography, https://dblp.org}
}

@article{cartpole,
  author={Barto, Andrew G. and Sutton, Richard S. and Anderson, Charles W.},
  journal={IEEE Transactions on Systems, Man, and Cybernetics},
  title={Neuronlike adaptive elements that can solve difficult learning control problems},
  year={1983},
  volume={SMC-13},
  number={5},
  pages={834-846},
  doi={10.1109/TSMC.1983.6313077}
}

@article{metric,
  author    = {Marco Virgolin and
               Andrea De Lorenzo and
               Eric Medvet and
               Francesca Randone},
  title     = {Learning a Formula of Interpretability to Learn Interpretable Formulas},
  journal   = {CoRR},
  volume    = {abs/2004.11170},
  year      = {2020},
  url       = {https://arxiv.org/abs/2004.11170},
  eprinttype = {arXiv},
  eprint    = {2004.11170},
  biburl    = {https://dblp.org/rec/journals/corr/abs-2004-11170.bib},
  bibsource = {dblp computer science bibliography, https://dblp.org}
}

% conference
% same as inproceedings
% Required fields: author, title, booktitle, year. 
% Optional fields: editor, volume or number, series, pages, address, month, organization, publisher, note
@conference{dalal,
  author = {Dalal N., Triggs B.},
  title = {Histograms of Oriented Gradients for Human Detection},
  booktitle = {Computer Vision and Pattern Recognition (CVPR)},
  address = {San Diego, USA},
  year = {2005},
  month = {20-26 June},
  pages = {886-893}
}

% website
% as misc
% Required fields: none. 
% Optional fields: author, title, howpublished, month, year, note.
@misc{iacca,
  author = {Iacca, Giovanni},
  title = {Evolutionary Algorithms 1},
  howpublished = {\url{https://didatticaonline.unitn.it}}
}

@misc{barhate,
  author = {Nikhil Barhate},
  title = {ppo\_pytorch},
  howpublished = {\url{https://github.com/nikhilbarhate99/PPO-PyTorch}}
}

@misc{gym,
  author = {Farama Foundation},
  title = {Gym Documentation},
  howpublished = {\url{https://www.gymlibrary.ml/environments}}
}

@techreport{mountaincar,
    author = {Andrew William Moore},
    title = {Efficient Memory-based Learning for Robot Control},
    institution = {University of Cambridge},
    year = {1990}
}

@inproceedings{acrobot,
 author = {Sutton, Richard S},
 booktitle = {Advances in Neural Information Processing Systems},
 editor = {D. Touretzky and M.C. Mozer and M. Hasselmo},
 pages = {},
 publisher = {MIT Press},
 title = {Generalization in Reinforcement Learning: Successful Examples Using Sparse Coarse Coding},
 url = {\url{https://proceedings.neurips.cc/paper/1995/file/8f1d43620bc6bb580df6e80b0dc05c48-Paper.pdf}},
 volume = {8},
 year = {1995}
}

@misc{flappybird,
  author = {Gabriel Nogueira},
  title = {flappy-bird-gym},
  howpublished = {\url{https://github.com/Talendar/flappy-bird-gym}}
}

@misc{ppo_acrobot,
  author = {Andrew Zhang},
  title = {Deep Reinforcement Learning for Classic Control Tasks},
  howpublished = {\url{https://cs230.stanford.edu/projects_fall_2018/reports/12449630.pdf}}
}

@misc{ppo_mountaincar,
  author = {Joshua Hare},
  title = {Dealing with Sparse Rewards in Reinforcement Learning},
  howpublished = {\url{https://arxiv.org/pdf/1910.09281.pdf}}
}